<record xmlns="http://www.loc.gov/MARC21/slim" xmlns:xsi="http://www.w3.org/2001/XMLSchema-instance" xsi:schemaLocation="http://www.loc.gov/MARC21/slim http://www.loc.gov/standards/marcxml/schema/MARC21slim.xsd"><leader>02112nam a2200421   4500</leader><controlfield tag="001">001680051</controlfield><controlfield tag="003">NNU</controlfield><controlfield tag="006">m        d        </controlfield><controlfield tag="007">cr cn |||m|||a</controlfield><controlfield tag="008">150116s1964    iq      o     000 0 arar</controlfield><datafield ind1=" " ind2=" " tag="040"><subfield code="a">NNU</subfield><subfield code="b">eng</subfield><subfield code="e">rda</subfield><subfield code="c">NNU</subfield></datafield><datafield ind1="0" ind2="0" tag="050"><subfield code="a">PJ7750.A25</subfield><subfield code="b">Z587</subfield></datafield><datafield ind1="0" ind2=" " tag="100"><subfield code="6">880-01</subfield><subfield code="a">Bint al-Sha&#772;t&#803;i&#700;.</subfield></datafield><datafield ind1="1" ind2="0" tag="245"><subfield code="6">880-02</subfield><subfield code="a">Da&#772;r al-Sala&#772;m fi&#772; h&#803;aya&#772;t Abi&#772; al-&#699;Ala&#772;&#700; /</subfield><subfield code="c">bi-qalam &#699;A&#772;&#700;ishah &#699;Abd al-Rah&#803;ma&#772;n, Bint al-Sha&#772;t&#803;i&#700;.</subfield></datafield><datafield ind1=" " ind2=" " tag="260"><subfield code="6">880-03</subfield><subfield code="a">Baghda&#772;d :</subfield><subfield code="b">Wiza&#772;rat al-Irsha&#772;d,</subfield><subfield code="c">1964.</subfield></datafield><datafield ind1=" " ind2=" " tag="300"><subfield code="a">online resource (59 pages)</subfield></datafield><datafield ind1=" " ind2=" " tag="336"><subfield code="a">text</subfield><subfield code="2">rdacontent</subfield></datafield><datafield ind1=" " ind2=" " tag="337"><subfield code="a">computer</subfield><subfield code="2">rdamedia</subfield></datafield><datafield ind1=" " ind2=" " tag="338"><subfield code="a">online resource</subfield><subfield code="2">rdacarrier</subfield></datafield><datafield ind1="1" ind2=" " tag="490"><subfield code="6">880-04</subfield><subfield code="a">Silsilah al-thaqa&#772;fi&#772;yah,</subfield><subfield code="v">4</subfield></datafield><datafield ind1=" " ind2=" " tag="500"><subfield code="a">Part of the Arabic Collections Online (ACO) project, contributed by New York Univeristy Libraries.</subfield></datafield><datafield ind1=" " ind2=" " tag="533"><subfield code="a">Electronic reproduction.</subfield><subfield code="b">New York, N.Y. :</subfield><subfield code="c">New York University,</subfield><subfield code="d">2015.</subfield><subfield code="5">NNU</subfield></datafield><datafield ind1="0" ind2="0" tag="600"><subfield code="6">880-05</subfield><subfield code="a">Ab&#363; al-&#699;Al&#257;&#700; al-Ma&#699;arr&#299;,</subfield><subfield code="d">973-1057</subfield></datafield><datafield ind1="0" ind2="7" tag="600"><subfield code="a">Abu&#772; al-&#699;Ala&#772;&#700; al-Ma&#699;arri&#772;,</subfield><subfield code="d">973-1057</subfield><subfield code="2">fast</subfield><subfield code="0">(OCoLC)fst00093688</subfield></datafield><datafield ind1="2" ind2=" " tag="710"><subfield code="a">New York University.</subfield><subfield code="b">Libraries.</subfield></datafield><datafield ind1="0" ind2=" " tag="730"><subfield code="a">Arabic Collections Online.</subfield></datafield><datafield ind1="0" ind2="8" tag="776"><subfield code="i">Online version:</subfield><subfield code="a">Bint al-Sha&#772;t&#803;i&#700;.</subfield><subfield code="t">Da&#772;r al-Sala&#772;m fi&#772; h&#803;aya&#772;t Abi&#772; al-&#699;Ala&#772;&#700;.</subfield><subfield code="d">Baghda&#772;d, Wiza&#772;rat al-Irsha&#772;d, 1964</subfield><subfield code="w">(OCoLC)568040150</subfield></datafield><datafield ind1="0" ind2="8" tag="776"><subfield code="i">Print version:</subfield><subfield code="a">Bint al-Sha&#772;t&#803;i&#700;.</subfield><subfield code="t">Da&#772;r al-Sala&#772;m fi&#772; h&#803;aya&#772;t Abi&#772; al-&#699;Ala&#772;&#700;</subfield><subfield code="w">(NNU)001680051</subfield><subfield code="w">(DLC)ne 64003034</subfield></datafield><datafield ind1="4" ind2="0" tag="856"><subfield code="u">http://hdl.handle.net/2333.1/7d7wm50h</subfield></datafield><datafield ind1="0" ind2=" " tag="880"><subfield code="6">100-01/</subfield><subfield code="a">&#1576;&#1606;&#1578; &#1575;&#1604;&#1588;&#1575;&#1591;&#1574;.</subfield></datafield><datafield ind1="1" ind2="0" tag="880"><subfield code="6">245-02/</subfield><subfield code="a">&#1583;&#1575;&#1585; &#1575;&#1604;&#1587;&#1604;&#1575;&#1605; &#1601;&#1610; &#1581;&#1610;&#1575;&#1578; &#1575;&#1576;&#1610; &#1575;&#1604;&#1593;&#1604;&#1575;&#1569; /</subfield><subfield code="c">&#1576;&#1602;&#1604;&#1605; &#1593;&#1575;&#1574;&#1588;&#1577; &#1593;&#1576;&#1583; &#1575;&#1604;&#1585;&#1581;&#1605;&#1606;&#1548; &#1576;&#1606;&#1578; &#1575;&#1604;&#1588;&#1575;&#1591;&#1574;.</subfield></datafield><datafield ind1=" " ind2=" " tag="880"><subfield code="6">260-03/</subfield><subfield code="a">&#1576;&#1594;&#1583;&#1575;&#1583; :</subfield><subfield code="b">&#1608;&#1586;&#1575;&#1585;&#1577; &#1575;&#1604;&#1575;&#1585;&#1588;&#1575;&#1583;&#1548;</subfield><subfield code="c">1964.</subfield></datafield><datafield ind1="1" ind2=" " tag="880"><subfield code="6">490-04/</subfield><subfield code="a">&#1587;&#1604;&#1587;&#1604;&#1577; &#1575;&#1604;&#1579;&#1602;&#1575;&#1601;&#1610;&#1577;&#1548;</subfield><subfield code="v">4</subfield></datafield><datafield ind1="0" ind2="0" tag="880"><subfield code="6">600-05/</subfield><subfield code="a">&#1575;&#1576;&#1608; &#1575;&#1604;&#1593;&#1604;&#1575;&#1569; &#1575;&#1604;&#1605;&#1593;&#1585;&#1610;&#1548;</subfield><subfield code="d">973-1057.</subfield></datafield><datafield ind1=" " ind2="0" tag="830"><subfield code="6">880-06</subfield><subfield code="a">Silsilah al-thaq&#257;f&#299;yah</subfield><subfield code="v">4.</subfield></datafield><datafield ind1=" " ind2="0" tag="880"><subfield code="6">830-06/</subfield><subfield code="a">&#1587;&#1604;&#1587;&#1604;&#1577; &#1575;&#1604;&#1579;&#1602;&#1575;&#1601;&#1610;&#1577; &#1563;</subfield><subfield code="v">4.</subfield></datafield><datafield ind1=" " ind2=" " tag="959"><subfield code="a">NNU</subfield><subfield code="b">WEB</subfield><subfield code="c">GENI</subfield><subfield code="t">0</subfield><subfield code="m">Electronic access</subfield><subfield code="s">01</subfield></datafield><datafield ind1=" " ind2=" " tag="999"><subfield code="i">NNU_001680051</subfield><subfield code="o" /></datafield></record>